%% This BibTeX bibliography file was created using BibDesk.
%% http://bibdesk.sourceforge.net/


%% Created for David Jamal Duhalde Rahb√¶k at 2012-01-29 11:03:21 +0100 


%% Saved with string encoding Unicode (UTF-8) 



@article{hatziantoniou2000smoothing,
	Author = {Hatziantoniou, Panagiotis D.; Mourjopoulos, John N.},
	Date-Added = {2012-01-29 09:33:43 +0000},
	Date-Modified = {2012-01-29 09:33:57 +0000},
	Journal = {J. Audio Eng. Soc},
	Number = {4},
	Pages = {259--280},
	Title = {Generalized Fractional-Octave Smoothing of Audio and Acoustic Responses},
	Url = {http://www.aes.org/e-lib/browse.cfm?elib=12070},
	Volume = {48},
	Year = {2000},
	Bdsk-File-1 = {YnBsaXN0MDDUAQIDBAUIJidUJHRvcFgkb2JqZWN0c1gkdmVyc2lvblkkYXJjaGl2ZXLRBgdUcm9vdIABqAkKFRYXGyIjVSRudWxs0wsMDQ4RFFpOUy5vYmplY3RzV05TLmtleXNWJGNsYXNzog8QgASABqISE4ACgAOAB1lhbGlhc0RhdGFccmVsYXRpdmVQYXRo0hgNGRpXTlMuZGF0YU8RAl4AAAAAAl4AAgAADE1hY2ludG9zaCBIRAAAAAAAAAAAAAAAAAAAAMq9msxIKwAAACwHpB9HZW5lcmFsaXplZCBGcmFjdGlvbiMyQzA3MTcucGRmAAAAAAAAAAAAAAAAAAAAAAAAAAAAAAAAAAAAAAAAAAAALAcXy0rRRAAAAAAAAAAAAAYABAAACSAAAAAAAAAAAAAAAAAAAAANSGF0emlhbnRvbmlvdQAAEAAIAADKvX6sAAAAEQAIAADLSsM0AAAAAQAUACwHpAAVuRcABFPnAART5gAAv30AAgBcTWFjaW50b3NoIEhEOlVzZXJzOgBkYXZpZDoARG9jdW1lbnRzOgBQYXBlcnM6AEhhdHppYW50b25pb3U6AEdlbmVyYWxpemVkIEZyYWN0aW9uIzJDMDcxNy5wZGYADgCEAEEARwBlAG4AZQByAGEAbABpAHoAZQBkACAARgByAGEAYwB0AGkAbwBuAGEAbAAtAE8AYwB0AGEAdgBlACAAUwBtAG8AbwB0AGgAaQBuAGcAIABvAGYAIABBAHUAZABpAG8AIABhAG4AZAAgAEEAYwBvAHUAcwB0AGkAYwAuAHAAZABmAA8AGgAMAE0AYQBjAGkAbgB0AG8AcwBoACAASABEABIAbFVzZXJzL2RhdmlkL0RvY3VtZW50cy9QYXBlcnMvSGF0emlhbnRvbmlvdS9HZW5lcmFsaXplZCBGcmFjdGlvbmFsLU9jdGF2ZSBTbW9vdGhpbmcgb2YgQXVkaW8gYW5kIEFjb3VzdGljLnBkZgATAAEvAAAVAAIADP//AACABdIcHR4fWCRjbGFzc2VzWiRjbGFzc25hbWWjHyAhXU5TTXV0YWJsZURhdGFWTlNEYXRhWE5TT2JqZWN0XxByLi4vLi4vLi4vLi4vLi4vLi4vRG9jdW1lbnRzL1BhcGVycy9IYXR6aWFudG9uaW91L0dlbmVyYWxpemVkIEZyYWN0aW9uYWwtT2N0YXZlIFNtb290aGluZyBvZiBBdWRpbyBhbmQgQWNvdXN0aWMucGRm0hwdJCWiJSFcTlNEaWN0aW9uYXJ5EgABhqBfEA9OU0tleWVkQXJjaGl2ZXIACAARABYAHwAoADIANQA6ADwARQBLAFIAXQBlAGwAbwBxAHMAdgB4AHoAfACGAJMAmACgAwIDBAMJAxIDHQMhAy8DNgM/A7QDuQO8A8kDzgAAAAAAAAIBAAAAAAAAACgAAAAAAAAAAAAAAAAAAAPg},
	Bdsk-Url-1 = {http://www.aes.org/e-lib/browse.cfm?elib=12070}}

@article{pei2006minimum,
	Author = {Pei, S.C. and Lin, H.S.},
	Date-Added = {2012-01-20 10:16:41 +0000},
	Date-Modified = {2012-01-20 10:16:41 +0000},
	Journal = {Circuits and Systems II: Express Briefs, IEEE Transactions on},
	Number = {10},
	Pages = {1113--1117},
	Publisher = {IEEE},
	Title = {Minimum-phase fir filter design using real cepstrum},
	Volume = {53},
	Year = {2006},
	Bdsk-File-1 = {YnBsaXN0MDDUAQIDBAUIJidUJHRvcFgkb2JqZWN0c1gkdmVyc2lvblkkYXJjaGl2ZXLRBgdUcm9vdIABqAkKFRYXGyIjVSRudWxs0wsMDQ4RFFpOUy5vYmplY3RzV05TLmtleXNWJGNsYXNzog8QgASABqISE4ACgAOAB1lhbGlhc0RhdGFccmVsYXRpdmVQYXRo0hgNGRpXTlMuZGF0YU8RAggAAAAAAggAAgAADE1hY2ludG9zaCBIRAAAAAAAAAAAAAAAAAAAAMq9msxIKwAAACtWbh9NaW5pbXVtLXBoYXNlIGZpciBmaSMyQjU2MzIucGRmAAAAAAAAAAAAAAAAAAAAAAAAAAAAAAAAAAAAAAAAAAAAK1Yyy0WzUgAAAAAAAAAAAAYABAAACSAAAAAAAAAAAAAAAAAAAAADUGVpAAAQAAgAAMq9fqwAAAARAAgAAMtFpUIAAAABABQAK1ZuABW5FwAEU+cABFPmAAC/fQACAFJNYWNpbnRvc2ggSEQ6VXNlcnM6AGRhdmlkOgBEb2N1bWVudHM6AFBhcGVyczoAUGVpOgBNaW5pbXVtLXBoYXNlIGZpciBmaSMyQjU2MzIucGRmAA4AXgAuAE0AaQBuAGkAbQB1AG0ALQBwAGgAYQBzAGUAIABmAGkAcgAgAGYAaQBsAHQAZQByACAAZABlAHMAaQBnAG4AIAB1AHMAaQBuAGcAIAByAGUAYQBsAC4AcABkAGYADwAaAAwATQBhAGMAaQBuAHQAbwBzAGgAIABIAEQAEgBPVXNlcnMvZGF2aWQvRG9jdW1lbnRzL1BhcGVycy9QZWkvTWluaW11bS1waGFzZSBmaXIgZmlsdGVyIGRlc2lnbiB1c2luZyByZWFsLnBkZgAAEwABLwAAFQACAAz//wAAgAXSHB0eH1gkY2xhc3Nlc1okY2xhc3NuYW1lox8gIV1OU011dGFibGVEYXRhVk5TRGF0YVhOU09iamVjdF8QVS4uLy4uLy4uLy4uLy4uLy4uL0RvY3VtZW50cy9QYXBlcnMvUGVpL01pbmltdW0tcGhhc2UgZmlyIGZpbHRlciBkZXNpZ24gdXNpbmcgcmVhbC5wZGbSHB0kJaIlIVxOU0RpY3Rpb25hcnkSAAGGoF8QD05TS2V5ZWRBcmNoaXZlcgAIABEAFgAfACgAMgA1ADoAPABFAEsAUgBdAGUAbABvAHEAcwB2AHgAegB8AIYAkwCYAKACrAKuArMCvALHAssC2QLgAukDQQNGA0kDVgNbAAAAAAAAAgEAAAAAAAAAKAAAAAAAAAAAAAAAAAAAA20=}}

@article{bauer1960broadening,
	Author = {Benjamin B. Bauer},
	Date-Added = {2012-01-20 09:22:50 +0000},
	Date-Modified = {2012-01-25 12:28:28 +0000},
	Journal = {J. Audio Eng. Soc},
	Number = {2},
	Pages = {91--94},
	Title = {Broadening the Area of Stereophonic Perception},
	Url = {http://www.aes.org/e-lib/browse.cfm?elib=525},
	Volume = {8},
	Year = {1960},
	Bdsk-File-1 = {YnBsaXN0MDDUAQIDBAUIJidUJHRvcFgkb2JqZWN0c1gkdmVyc2lvblkkYXJjaGl2ZXLRBgdUcm9vdIABqAkKFRYXGyIjVSRudWxs0wsMDQ4RFFpOUy5vYmplY3RzV05TLmtleXNWJGNsYXNzog8QgASABqISE4ACgAOAB1lhbGlhc0RhdGFccmVsYXRpdmVQYXRo0hgNGRpXTlMuZGF0YU8RAhoAAAAAAhoAAgAADE1hY2ludG9zaCBIRAAAAAAAAAAAAAAAAAAAAMq9msxIKwAAACtWwx9Ccm9hZGVuaW5nIHRoZSBBcmVhICMyMjJFOEYucGRmAAAAAAAAAAAAAAAAAAAAAAAAAAAAAAAAAAAAAAAAAAAAIi6Pyz7w5wAAAAAAAAAAAAYABAAACSAAAAAAAAAAAAAAAAAAAAAFQmF1ZXIAABAACAAAyr1+rAAAABEACAAAyz7i1wAAAAEAFAArVsMAFbkXAART5wAEU+YAAL99AAIAVE1hY2ludG9zaCBIRDpVc2VyczoAZGF2aWQ6AERvY3VtZW50czoAUGFwZXJzOgBCYXVlcjoAQnJvYWRlbmluZyB0aGUgQXJlYSAjMjIyRThGLnBkZgAOAGYAMgBCAHIAbwBhAGQAZQBuAGkAbgBnACAAdABoAGUAIABBAHIAZQBhACAAbwBmACAAUwB0AGUAcgBlAG8AcABoAG8AbgBpAGMAIABQAGUAcgBjAGUAcAB0AGkAbwBuAC4AcABkAGYADwAaAAwATQBhAGMAaQBuAHQAbwBzAGgAIABIAEQAEgBVVXNlcnMvZGF2aWQvRG9jdW1lbnRzL1BhcGVycy9CYXVlci9Ccm9hZGVuaW5nIHRoZSBBcmVhIG9mIFN0ZXJlb3Bob25pYyBQZXJjZXB0aW9uLnBkZgAAEwABLwAAFQACAAz//wAAgAXSHB0eH1gkY2xhc3Nlc1okY2xhc3NuYW1lox8gIV1OU011dGFibGVEYXRhVk5TRGF0YVhOU09iamVjdF8QWy4uLy4uLy4uLy4uLy4uLy4uL0RvY3VtZW50cy9QYXBlcnMvQmF1ZXIvQnJvYWRlbmluZyB0aGUgQXJlYSBvZiBTdGVyZW9waG9uaWMgUGVyY2VwdGlvbi5wZGbSHB0kJaIlIVxOU0RpY3Rpb25hcnkSAAGGoF8QD05TS2V5ZWRBcmNoaXZlcgAIABEAFgAfACgAMgA1ADoAPABFAEsAUgBdAGUAbABvAHEAcwB2AHgAegB8AIYAkwCYAKACvgLAAsUCzgLZAt0C6wLyAvsDWQNeA2EDbgNzAAAAAAAAAgEAAAAAAAAAKAAAAAAAAAAAAAAAAAAAA4U=},
	Bdsk-Url-1 = {http://www.aes.org/e-lib/browse.cfm?elib=525}}

@book{leach2003electroacoustics,
	Author = {Leach, W. Marshall},
	Date-Added = {2012-01-19 13:01:13 +0000},
	Date-Modified = {2012-01-19 13:05:24 +0000},
	Publisher = {Kendall/Hunt},
	Title = {Introduction to electroacoustics and audio amplifier design},
	Year = {2003}}

@conference{devantier2002characterizing,
	Author = {Devantier, Allan},
	Booktitle = {Audio Engineering Society Convention 113},
	Date-Added = {2012-01-12 12:40:07 +0000},
	Date-Modified = {2012-01-12 12:40:07 +0000},
	Month = {10},
	Title = {Characterizing the Amplitude Response of Loudspeaker Systems},
	Url = {http://www.aes.org/e-lib/browse.cfm?elib=11234},
	Year = {2002},
	Bdsk-File-1 = {YnBsaXN0MDDUAQIDBAUIJidUJHRvcFgkb2JqZWN0c1gkdmVyc2lvblkkYXJjaGl2ZXLRBgdUcm9vdIABqAkKFRYXGyIjVSRudWxs0wsMDQ4RFFpOUy5vYmplY3RzV05TLmtleXNWJGNsYXNzog8QgASABqISE4ACgAOAB1lhbGlhc0RhdGFccmVsYXRpdmVQYXRo0hgNGRpXTlMuZGF0YU8RAXoAAAAAAXoAAgAADE1hY2ludG9zaCBIRAAAAAAAAAAAAAAAAAAAAMq9msxIKwAAABWk8wkxMTIzNC5wZGYAAAAAAAAAAAAAAAAAAAAAAAAAAAAAAAAAAAAAAAAAAAAAAAAAAAAAAAAAAAAAAAAAAAAAAAAACpxjykX6cgAAAAAAAAAAAAYAAwAACSAAAAAAAAAAAAAAAAAAAAAIYXJ0aWtsZXIAEAAIAADKvX6sAAAAEQAIAADKRd5SAAAAAQAQABWk8wAEVIQABFPmAAC/fQACADdNYWNpbnRvc2ggSEQ6VXNlcnM6AGRhdmlkOgBEZXNrdG9wOgBhcnRpa2xlcjoAMTEyMzQucGRmAAAOABQACQAxADEAMgAzADQALgBwAGQAZgAPABoADABNAGEAYwBpAG4AdABvAHMAaAAgAEgARAASACZVc2Vycy9kYXZpZC9EZXNrdG9wL2FydGlrbGVyLzExMjM0LnBkZgATAAEvAAAVAAIADP//AACABdIcHR4fWCRjbGFzc2VzWiRjbGFzc25hbWWjHyAhXU5TTXV0YWJsZURhdGFWTlNEYXRhWE5TT2JqZWN0XxAsLi4vLi4vLi4vLi4vLi4vLi4vRGVza3RvcC9hcnRpa2xlci8xMTIzNC5wZGbSHB0kJaIlIVxOU0RpY3Rpb25hcnkSAAGGoF8QD05TS2V5ZWRBcmNoaXZlcgAIABEAFgAfACgAMgA1ADoAPABFAEsAUgBdAGUAbABvAHEAcwB2AHgAegB8AIYAkwCYAKACHgIgAiUCLgI5Aj0CSwJSAlsCigKPApICnwKkAAAAAAAAAgEAAAAAAAAAKAAAAAAAAAAAAAAAAAAAArY=},
	Bdsk-Url-1 = {http://www.aes.org/e-lib/browse.cfm?elib=11234}}

@manual{lange,
	Author = {Lange Loudspeakers},
	Date-Added = {2012-01-12 12:35:46 +0000},
	Date-Modified = {2012-01-12 12:37:00 +0000},
	Title = {Dodecahedron Loudspeaker D12},
	Bdsk-File-1 = {YnBsaXN0MDDUAQIDBAUIJidUJHRvcFgkb2JqZWN0c1gkdmVyc2lvblkkYXJjaGl2ZXLRBgdUcm9vdIABqAkKFRYXGyIjVSRudWxs0wsMDQ4RFFpOUy5vYmplY3RzV05TLmtleXNWJGNsYXNzog8QgASABqISE4ACgAOAB1lhbGlhc0RhdGFccmVsYXRpdmVQYXRo0hgNGRpXTlMuZGF0YU8RAfgAAAAAAfgAAgAADE1hY2ludG9zaCBIRAAAAAAAAAAAAAAAAAAAAMq9msxIKwAAACvPCB9Eb2RlY2FoZWRyb24gTG91ZHNwZSMyQkNFQ0UucGRmAAAAAAAAAAAAAAAAAAAAAAAAAAAAAAAAAAAAAAAAAAAAK87Oy0meVgAAAAAAAAAAAAYABAAACSAAAAAAAAAAAAAAAAAAAAAMTG91ZHNwZWFrZXJzABAACAAAyr1+rAAAABEACAAAy0mQRgAAAAEAFAArzwgAFbkXAART5wAEU+YAAL99AAIAW01hY2ludG9zaCBIRDpVc2VyczoAZGF2aWQ6AERvY3VtZW50czoAUGFwZXJzOgBMb3Vkc3BlYWtlcnM6AERvZGVjYWhlZHJvbiBMb3Vkc3BlIzJCQ0VDRS5wZGYAAA4AQgAgAEQAbwBkAGUAYwBhAGgAZQBkAHIAbwBuACAATABvAHUAZABzAHAAZQBhAGsAZQByACAARAAxADIALgBwAGQAZgAPABoADABNAGEAYwBpAG4AdABvAHMAaAAgAEgARAASAEpVc2Vycy9kYXZpZC9Eb2N1bWVudHMvUGFwZXJzL0xvdWRzcGVha2Vycy9Eb2RlY2FoZWRyb24gTG91ZHNwZWFrZXIgRDEyLnBkZgATAAEvAAAVAAIADP//AACABdIcHR4fWCRjbGFzc2VzWiRjbGFzc25hbWWjHyAhXU5TTXV0YWJsZURhdGFWTlNEYXRhWE5TT2JqZWN0XxBQLi4vLi4vLi4vLi4vLi4vLi4vRG9jdW1lbnRzL1BhcGVycy9Mb3Vkc3BlYWtlcnMvRG9kZWNhaGVkcm9uIExvdWRzcGVha2VyIEQxMi5wZGbSHB0kJaIlIVxOU0RpY3Rpb25hcnkSAAGGoF8QD05TS2V5ZWRBcmNoaXZlcgAIABEAFgAfACgAMgA1ADoAPABFAEsAUgBdAGUAbABvAHEAcwB2AHgAegB8AIYAkwCYAKACnAKeAqMCrAK3ArsCyQLQAtkDLAMxAzQDQQNGAAAAAAAAAgEAAAAAAAAAKAAAAAAAAAAAAAAAAAAAA1g=}}

@conference{Evans2009directivity,
	Author = {Evans, William AND Dyreby, Jakob AND Bech, S{\o}ren AND Zielinski, Slawomir AND Rumsey, Francis},
	Booktitle = {Audio Engineering Society Convention 126},
	Date-Added = {2012-01-04 11:00:46 +0000},
	Date-Modified = {2012-01-04 11:28:38 +0000},
	Month = {5},
	Title = {Effects of Loudspeaker Directivity on Perceived Sound Quality - A Review of Existing Studies},
	Url = {http://www.aes.org/e-lib/browse.cfm?elib=14941},
	Year = {2009},
	Bdsk-File-1 = {YnBsaXN0MDDUAQIDBAUIJidUJHRvcFgkb2JqZWN0c1gkdmVyc2lvblkkYXJjaGl2ZXLRBgdUcm9vdIABqAkKFRYXGyIjVSRudWxs0wsMDQ4RFFpOUy5vYmplY3RzV05TLmtleXNWJGNsYXNzog8QgASABqISE4ACgAOAB1lhbGlhc0RhdGFccmVsYXRpdmVQYXRo0hgNGRpXTlMuZGF0YU8RAi4AAAAAAi4AAgAADE1hY2ludG9zaCBIRAAAAAAAAAAAAAAAAAAAAMq9msxIKwAAACDZdB9FZmZlY3RzIG9mIExvdWRzcGVhayMyMTVDQzQucGRmAAAAAAAAAAAAAAAAAAAAAAAAAAAAAAAAAAAAAAAAAAAAIVzEyxdcrgAAAAAAAAAAAAYABAAACSAAAAAAAAAAAAAAAAAAAAAFRXZhbnMAABAACAAAyr1+rAAAABEACAAAyxdOngAAAAEAFAAg2XQAFbkXAART5wAEU+YAAL99AAIAVE1hY2ludG9zaCBIRDpVc2VyczoAZGF2aWQ6AERvY3VtZW50czoAUGFwZXJzOgBFdmFuczoARWZmZWN0cyBvZiBMb3Vkc3BlYWsjMjE1Q0M0LnBkZgAOAHQAOQBFAGYAZgBlAGMAdABzACAAbwBmACAATABvAHUAZABzAHAAZQBhAGsAZQByACAARABpAHIAZQBjAHQAaQB2AGkAdAB5ACAAbwBuACAAUABlAHIAYwBlAGkAdgBlAGQAIABTAG8AdQBuAGQALgBwAGQAZgAPABoADABNAGEAYwBpAG4AdABvAHMAaAAgAEgARAASAFxVc2Vycy9kYXZpZC9Eb2N1bWVudHMvUGFwZXJzL0V2YW5zL0VmZmVjdHMgb2YgTG91ZHNwZWFrZXIgRGlyZWN0aXZpdHkgb24gUGVyY2VpdmVkIFNvdW5kLnBkZgATAAEvAAAVAAIADP//AACABdIcHR4fWCRjbGFzc2VzWiRjbGFzc25hbWWjHyAhXU5TTXV0YWJsZURhdGFWTlNEYXRhWE5TT2JqZWN0XxBiLi4vLi4vLi4vLi4vLi4vLi4vRG9jdW1lbnRzL1BhcGVycy9FdmFucy9FZmZlY3RzIG9mIExvdWRzcGVha2VyIERpcmVjdGl2aXR5IG9uIFBlcmNlaXZlZCBTb3VuZC5wZGbSHB0kJaIlIVxOU0RpY3Rpb25hcnkSAAGGoF8QD05TS2V5ZWRBcmNoaXZlcgAIABEAFgAfACgAMgA1ADoAPABFAEsAUgBdAGUAbABvAHEAcwB2AHgAegB8AIYAkwCYAKAC0gLUAtkC4gLtAvEC/wMGAw8DdAN5A3wDiQOOAAAAAAAAAgEAAAAAAAAAKAAAAAAAAAAAAAAAAAAAA6A=},
	Bdsk-Url-1 = {http://www.aes.org/e-lib/browse.cfm?elib=14941}}

@conference{Bech1993roomposition,
	Author = {Bech, S{\o}ren},
	Booktitle = {Audio Engineering Society Conference: 12th International Conference: The Perception of Reproduced Sound},
	Date-Added = {2012-01-04 11:00:14 +0000},
	Date-Modified = {2012-01-04 11:27:34 +0000},
	Month = {6},
	Title = {The Influence of the Room and of Loudspeaker Position on the Timbre of Reproduced Sound in Domestic Rooms},
	Url = {http://www.aes.org/e-lib/browse.cfm?elib=6248},
	Year = {1993},
	Bdsk-File-1 = {YnBsaXN0MDDUAQIDBAUIJidUJHRvcFgkb2JqZWN0c1gkdmVyc2lvblkkYXJjaGl2ZXLRBgdUcm9vdIABqAkKFRYXGyIjVSRudWxs0wsMDQ4RFFpOUy5vYmplY3RzV05TLmtleXNWJGNsYXNzog8QgASABqISE4ACgAOAB1lhbGlhc0RhdGFccmVsYXRpdmVQYXRo0hgNGRpXTlMuZGF0YU8RAlYAAAAAAlYAAgAADE1hY2ludG9zaCBIRAAAAAAAAAAAAAAAAAAAAMq9msxIKwAAACDZdh9UaGUgSW5mbHVlbmNlIG9mIHRoZSMyMENCRTYucGRmAAAAAAAAAAAAAAAAAAAAAAAAAAAAAAAAAAAAAAAAAAAAIMvmyxdcrgAAAAAAAAAAAAYABAAACSAAAAAAAAAAAAAAAAAAAAAEQmVjaAAQAAgAAMq9fqwAAAARAAgAAMsXTp4AAAABABQAINl2ABW5FwAEU+cABFPmAAC/fQACAFNNYWNpbnRvc2ggSEQ6VXNlcnM6AGRhdmlkOgBEb2N1bWVudHM6AFBhcGVyczoAQmVjaDoAVGhlIEluZmx1ZW5jZSBvZiB0aGUjMjBDQkU2LnBkZgAADgCQAEcAVABoAGUAIABJAG4AZgBsAHUAZQBuAGMAZQAgAG8AZgAgAHQAaABlACAAUgBvAG8AbQAgAGEAbgBkACAAbwBmACAATABvAHUAZABzAHAAZQBhAGsAZQByACAAUABvAHMAaQB0AGkAbwBuACAAbwBuACAAdABoAGUAIABUAGkAbQBiAHIAZQAuAHAAZABmAA8AGgAMAE0AYQBjAGkAbgB0AG8AcwBoACAASABEABIAaVVzZXJzL2RhdmlkL0RvY3VtZW50cy9QYXBlcnMvQmVjaC9UaGUgSW5mbHVlbmNlIG9mIHRoZSBSb29tIGFuZCBvZiBMb3Vkc3BlYWtlciBQb3NpdGlvbiBvbiB0aGUgVGltYnJlLnBkZgAAEwABLwAAFQACAAz//wAAgAXSHB0eH1gkY2xhc3Nlc1okY2xhc3NuYW1lox8gIV1OU011dGFibGVEYXRhVk5TRGF0YVhOU09iamVjdF8Qby4uLy4uLy4uLy4uLy4uLy4uL0RvY3VtZW50cy9QYXBlcnMvQmVjaC9UaGUgSW5mbHVlbmNlIG9mIHRoZSBSb29tIGFuZCBvZiBMb3Vkc3BlYWtlciBQb3NpdGlvbiBvbiB0aGUgVGltYnJlLnBkZtIcHSQloiUhXE5TRGljdGlvbmFyeRIAAYagXxAPTlNLZXllZEFyY2hpdmVyAAgAEQAWAB8AKAAyADUAOgA8AEUASwBSAF0AZQBsAG8AcQBzAHYAeAB6AHwAhgCTAJgAoAL6AvwDAQMKAxUDGQMnAy4DNwOpA64DsQO+A8MAAAAAAAACAQAAAAAAAAAoAAAAAAAAAAAAAAAAAAAD1Q==},
	Bdsk-Url-1 = {http://www.aes.org/e-lib/browse.cfm?elib=6248}}

@article{Bech1992training,
	Author = {Bech, S{\o}ren},
	Date-Added = {2012-01-04 10:59:48 +0000},
	Date-Modified = {2012-01-04 11:48:31 +0000},
	Journal = {J. Audio Eng. Soc},
	Number = {7/8},
	Pages = {590--610},
	Title = {Selection and Training of Subjects for Listening Tests on Sound-Reproducing Equipment},
	Url = {http://www.aes.org/e-lib/browse.cfm?elib=7040},
	Volume = {40},
	Year = {1992},
	Bdsk-File-1 = {YnBsaXN0MDDUAQIDBAUIJidUJHRvcFgkb2JqZWN0c1gkdmVyc2lvblkkYXJjaGl2ZXLRBgdUcm9vdIABqAkKFRYXGyIjVSRudWxs0wsMDQ4RFFpOUy5vYmplY3RzV05TLmtleXNWJGNsYXNzog8QgASABqISE4ACgAOAB1lhbGlhc0RhdGFccmVsYXRpdmVQYXRo0hgNGRpXTlMuZGF0YU8RAi4AAAAAAi4AAgAADE1hY2ludG9zaCBIRAAAAAAAAAAAAAAAAAAAAMq9msxIKwAAACDZdh9TZWxlY3Rpb24gYW5kIFRyYWluaSMyMENDMTkucGRmAAAAAAAAAAAAAAAAAAAAAAAAAAAAAAAAAAAAAAAAAAAAIMwZyxdcrgAAAAAAAAAAAAYABAAACSAAAAAAAAAAAAAAAAAAAAAEQmVjaAAQAAgAAMq9fqwAAAARAAgAAMsXTp4AAAABABQAINl2ABW5FwAEU+cABFPmAAC/fQACAFNNYWNpbnRvc2ggSEQ6VXNlcnM6AGRhdmlkOgBEb2N1bWVudHM6AFBhcGVyczoAQmVjaDoAU2VsZWN0aW9uIGFuZCBUcmFpbmkjMjBDQzE5LnBkZgAADgB2ADoAUwBlAGwAZQBjAHQAaQBvAG4AIABhAG4AZAAgAFQAcgBhAGkAbgBpAG4AZwAgAG8AZgAgAFMAdQBiAGoAZQBjAHQAcwAgAGYAbwByACAATABpAHMAdABlAG4AaQBuAGcAIABUAGUAcwB0AHMALgBwAGQAZgAPABoADABNAGEAYwBpAG4AdABvAHMAaAAgAEgARAASAFxVc2Vycy9kYXZpZC9Eb2N1bWVudHMvUGFwZXJzL0JlY2gvU2VsZWN0aW9uIGFuZCBUcmFpbmluZyBvZiBTdWJqZWN0cyBmb3IgTGlzdGVuaW5nIFRlc3RzLnBkZgATAAEvAAAVAAIADP//AACABdIcHR4fWCRjbGFzc2VzWiRjbGFzc25hbWWjHyAhXU5TTXV0YWJsZURhdGFWTlNEYXRhWE5TT2JqZWN0XxBiLi4vLi4vLi4vLi4vLi4vLi4vRG9jdW1lbnRzL1BhcGVycy9CZWNoL1NlbGVjdGlvbiBhbmQgVHJhaW5pbmcgb2YgU3ViamVjdHMgZm9yIExpc3RlbmluZyBUZXN0cy5wZGbSHB0kJaIlIVxOU0RpY3Rpb25hcnkSAAGGoF8QD05TS2V5ZWRBcmNoaXZlcgAIABEAFgAfACgAMgA1ADoAPABFAEsAUgBdAGUAbABvAHEAcwB2AHgAegB8AIYAkwCYAKAC0gLUAtkC4gLtAvEC/wMGAw8DdAN5A3wDiQOOAAAAAAAAAgEAAAAAAAAAKAAAAAAAAAAAAAAAAAAAA6A=},
	Bdsk-Url-1 = {http://www.aes.org/e-lib/browse.cfm?elib=7040}}

@article{Bech1994perception,
	Author = {Bech, S{\o}ren},
	Date-Added = {2012-01-04 10:59:30 +0000},
	Date-Modified = {2012-01-04 11:27:28 +0000},
	Journal = {J. Audio Eng. Soc},
	Number = {12},
	Pages = {999--1007},
	Title = {Perception of Timbre of Reproduced Sound in Small Rooms: Influence of Room and Loudspeaker Position},
	Url = {http://www.aes.org/e-lib/browse.cfm?elib=6917},
	Volume = {42},
	Year = {1994},
	Bdsk-File-1 = {YnBsaXN0MDDUAQIDBAUIJidUJHRvcFgkb2JqZWN0c1gkdmVyc2lvblkkYXJjaGl2ZXLRBgdUcm9vdIABqAkKFRYXGyIjVSRudWxs0wsMDQ4RFFpOUy5vYmplY3RzV05TLmtleXNWJGNsYXNzog8QgASABqISE4ACgAOAB1lhbGlhc0RhdGFccmVsYXRpdmVQYXRo0hgNGRpXTlMuZGF0YU8RAiAAAAAAAiAAAgAADE1hY2ludG9zaCBIRAAAAAAAAAAAAAAAAAAAAMq9msxIKwAAACDZdh9QZXJjZXB0aW9uIG9mIFRpbWJyZSMyMENCQzcucGRmAAAAAAAAAAAAAAAAAAAAAAAAAAAAAAAAAAAAAAAAAAAAIMvHyxdcrgAAAAAAAAAAAAYABAAACSAAAAAAAAAAAAAAAAAAAAAEQmVjaAAQAAgAAMq9fqwAAAARAAgAAMsXTp4AAAABABQAINl2ABW5FwAEU+cABFPmAAC/fQACAFNNYWNpbnRvc2ggSEQ6VXNlcnM6AGRhdmlkOgBEb2N1bWVudHM6AFBhcGVyczoAQmVjaDoAUGVyY2VwdGlvbiBvZiBUaW1icmUjMjBDQkM3LnBkZgAADgBsADUAUABlAHIAYwBlAHAAdABpAG8AbgAgAG8AZgAgAFQAaQBtAGIAcgBlACAAbwBmACAAUgBlAHAAcgBvAGQAdQBjAGUAZAAgAFMAbwB1AG4AZAAgAGkAbgAgAFMAbQBhAGwAbAAuAHAAZABmAA8AGgAMAE0AYQBjAGkAbgB0AG8AcwBoACAASABEABIAV1VzZXJzL2RhdmlkL0RvY3VtZW50cy9QYXBlcnMvQmVjaC9QZXJjZXB0aW9uIG9mIFRpbWJyZSBvZiBSZXByb2R1Y2VkIFNvdW5kIGluIFNtYWxsLnBkZgAAEwABLwAAFQACAAz//wAAgAXSHB0eH1gkY2xhc3Nlc1okY2xhc3NuYW1lox8gIV1OU011dGFibGVEYXRhVk5TRGF0YVhOU09iamVjdF8QXS4uLy4uLy4uLy4uLy4uLy4uL0RvY3VtZW50cy9QYXBlcnMvQmVjaC9QZXJjZXB0aW9uIG9mIFRpbWJyZSBvZiBSZXByb2R1Y2VkIFNvdW5kIGluIFNtYWxsLnBkZtIcHSQloiUhXE5TRGljdGlvbmFyeRIAAYagXxAPTlNLZXllZEFyY2hpdmVyAAgAEQAWAB8AKAAyADUAOgA8AEUASwBSAF0AZQBsAG8AcQBzAHYAeAB6AHwAhgCTAJgAoALEAsYCywLUAt8C4wLxAvgDAQNhA2YDaQN2A3sAAAAAAAACAQAAAAAAAAAoAAAAAAAAAAAAAAAAAAADjQ==},
	Bdsk-Url-1 = {http://www.aes.org/e-lib/browse.cfm?elib=6917}}

@conference{Linkwitz2007reflections,
	Author = {Linkwitz, Siegfried},
	Booktitle = {Audio Engineering Society Convention 123},
	Date-Added = {2012-01-04 10:59:12 +0000},
	Date-Modified = {2012-01-04 11:27:11 +0000},
	Month = {10},
	Title = {Room Reflections Misunderstood?},
	Url = {http://www.aes.org/e-lib/browse.cfm?elib=14220},
	Year = {2007},
	Bdsk-File-1 = {YnBsaXN0MDDUAQIDBAUIJidUJHRvcFgkb2JqZWN0c1gkdmVyc2lvblkkYXJjaGl2ZXLRBgdUcm9vdIABqAkKFRYXGyIjVSRudWxs0wsMDQ4RFFpOUy5vYmplY3RzV05TLmtleXNWJGNsYXNzog8QgASABqISE4ACgAOAB1lhbGlhc0RhdGFccmVsYXRpdmVQYXRo0hgNGRpXTlMuZGF0YU8RAfYAAAAAAfYAAgAADE1hY2ludG9zaCBIRAAAAAAAAAAAAAAAAAAAAMq9msxIKwAAACDZfx9Sb29tIFJlZmxlY3Rpb25zIE1pcyMyMEQ3RTAucGRmAAAAAAAAAAAAAAAAAAAAAAAAAAAAAAAAAAAAAAAAAAAAINfgyxdcrgAAAAAAAAAAAAYABAAACSAAAAAAAAAAAAAAAAAAAAAITGlua3dpdHoAEAAIAADKvX6sAAAAEQAIAADLF06eAAAAAQAUACDZfwAVuRcABFPnAART5gAAv30AAgBXTWFjaW50b3NoIEhEOlVzZXJzOgBkYXZpZDoARG9jdW1lbnRzOgBQYXBlcnM6AExpbmt3aXR6OgBSb29tIFJlZmxlY3Rpb25zIE1pcyMyMEQ3RTAucGRmAAAOAEgAIwBSAG8AbwBtACAAUgBlAGYAbABlAGMAdABpAG8AbgBzACAATQBpAHMAdQBuAGQAZQByAHMAdABvAG8AZAA/AC4AcABkAGYADwAaAAwATQBhAGMAaQBuAHQAbwBzAGgAIABIAEQAEgBJVXNlcnMvZGF2aWQvRG9jdW1lbnRzL1BhcGVycy9MaW5rd2l0ei9Sb29tIFJlZmxlY3Rpb25zIE1pc3VuZGVyc3Rvb2Q/LnBkZgAAEwABLwAAFQACAAz//wAAgAXSHB0eH1gkY2xhc3Nlc1okY2xhc3NuYW1lox8gIV1OU011dGFibGVEYXRhVk5TRGF0YVhOU09iamVjdF8QTy4uLy4uLy4uLy4uLy4uLy4uL0RvY3VtZW50cy9QYXBlcnMvTGlua3dpdHovUm9vbSBSZWZsZWN0aW9ucyBNaXN1bmRlcnN0b29kPy5wZGbSHB0kJaIlIVxOU0RpY3Rpb25hcnkSAAGGoF8QD05TS2V5ZWRBcmNoaXZlcgAIABEAFgAfACgAMgA1ADoAPABFAEsAUgBdAGUAbABvAHEAcwB2AHgAegB8AIYAkwCYAKACmgKcAqECqgK1ArkCxwLOAtcDKQMuAzEDPgNDAAAAAAAAAgEAAAAAAAAAKAAAAAAAAAAAAAAAAAAAA1U=},
	Bdsk-Url-1 = {http://www.aes.org/e-lib/browse.cfm?elib=14220}}

@article{Queen1979radiation,
	Author = {Queen, Daniel},
	Date-Added = {2012-01-04 10:57:58 +0000},
	Date-Modified = {2012-01-04 11:27:05 +0000},
	Journal = {J. Audio Eng. Soc},
	Number = {5},
	Pages = {368--379},
	Title = {The Effect of Loudspeaker Radiation Patterns on Stereo Imaging and Clarity},
	Url = {http://www.aes.org/e-lib/browse.cfm?elib=3200},
	Volume = {27},
	Year = {1979},
	Bdsk-File-1 = {YnBsaXN0MDDUAQIDBAUIJidUJHRvcFgkb2JqZWN0c1gkdmVyc2lvblkkYXJjaGl2ZXLRBgdUcm9vdIABqAkKFRYXGyIjVSRudWxs0wsMDQ4RFFpOUy5vYmplY3RzV05TLmtleXNWJGNsYXNzog8QgASABqISE4ACgAOAB1lhbGlhc0RhdGFccmVsYXRpdmVQYXRo0hgNGRpXTlMuZGF0YU8RAjIAAAAAAjIAAgAADE1hY2ludG9zaCBIRAAAAAAAAAAAAAAAAAAAAMq9msxIKwAAACDZgx9UaGUgRWZmZWN0IG9mIExvdWRzcCMyMEQ4MTcucGRmAAAAAAAAAAAAAAAAAAAAAAAAAAAAAAAAAAAAAAAAAAAAINgXyxdcrgAAAAAAAAAAAAYABAAACSAAAAAAAAAAAAAAAAAAAAAFUXVlZW4AABAACAAAyr1+rAAAABEACAAAyxdOngAAAAEAFAAg2YMAFbkXAART5wAEU+YAAL99AAIAVE1hY2ludG9zaCBIRDpVc2VyczoAZGF2aWQ6AERvY3VtZW50czoAUGFwZXJzOgBRdWVlbjoAVGhlIEVmZmVjdCBvZiBMb3Vkc3AjMjBEODE3LnBkZgAOAHYAOgBUAGgAZQAgAEUAZgBmAGUAYwB0ACAAbwBmACAATABvAHUAZABzAHAAZQBhAGsAZQByACAAUgBhAGQAaQBhAHQAaQBvAG4AIABQAGEAdAB0AGUAcgBuAHMAIABvAG4AIABTAHQAZQByAGUAbwAuAHAAZABmAA8AGgAMAE0AYQBjAGkAbgB0AG8AcwBoACAASABEABIAXVVzZXJzL2RhdmlkL0RvY3VtZW50cy9QYXBlcnMvUXVlZW4vVGhlIEVmZmVjdCBvZiBMb3Vkc3BlYWtlciBSYWRpYXRpb24gUGF0dGVybnMgb24gU3RlcmVvLnBkZgAAEwABLwAAFQACAAz//wAAgAXSHB0eH1gkY2xhc3Nlc1okY2xhc3NuYW1lox8gIV1OU011dGFibGVEYXRhVk5TRGF0YVhOU09iamVjdF8QYy4uLy4uLy4uLy4uLy4uLy4uL0RvY3VtZW50cy9QYXBlcnMvUXVlZW4vVGhlIEVmZmVjdCBvZiBMb3Vkc3BlYWtlciBSYWRpYXRpb24gUGF0dGVybnMgb24gU3RlcmVvLnBkZtIcHSQloiUhXE5TRGljdGlvbmFyeRIAAYagXxAPTlNLZXllZEFyY2hpdmVyAAgAEQAWAB8AKAAyADUAOgA8AEUASwBSAF0AZQBsAG8AcQBzAHYAeAB6AHwAhgCTAJgAoALWAtgC3QLmAvEC9QMDAwoDEwN5A34DgQOOA5MAAAAAAAACAQAAAAAAAAAoAAAAAAAAAAAAAAAAAAADpQ==},
	Bdsk-Url-1 = {http://www.aes.org/e-lib/browse.cfm?elib=3200}}

@conference{Olive2009correct,
	Author = {Olive, Sean AND Jackson, John AND Devantier, Allan AND Hunt, David},
	Booktitle = {Audio Engineering Society Convention 127},
	Date-Added = {2012-01-02 09:10:41 +0000},
	Date-Modified = {2012-01-02 09:10:41 +0000},
	Month = {10},
	Title = {The Subjective and Objective Evaluation of Room Correction Products},
	Url = {http://www.aes.org/e-lib/browse.cfm?elib=15154},
	Year = {2009},
	Bdsk-File-1 = {YnBsaXN0MDDUAQIDBAUIJidUJHRvcFgkb2JqZWN0c1gkdmVyc2lvblkkYXJjaGl2ZXLRBgdUcm9vdIABqAkKFRYXGyIjVSRudWxs0wsMDQ4RFFpOUy5vYmplY3RzV05TLmtleXNWJGNsYXNzog8QgASABqISE4ACgAOAB1lhbGlhc0RhdGFccmVsYXRpdmVQYXRo0hgNGRpXTlMuZGF0YU8RAj4AAAAAAj4AAgAADE1hY2ludG9zaCBIRAAAAAAAAAAAAAAAAAAAAMq9msxIKwAAABb+iB9UaGUgU3ViamVjdGl2ZSBhbmQgT2IjQUE5ODkucGRmAAAAAAAAAAAAAAAAAAAAAAAAAAAAAAAAAAAAAAAAAAAACqmJyoviMgAAAAAAAAAAAAYABAAACSAAAAAAAAAAAAAAAAAAAAAFT2xpdmUAABAACAAAyr1+rAAAABEACAAAyovGEgAAAAEAFAAW/ogAFbkXAART5wAEU+YAAL99AAIAVE1hY2ludG9zaCBIRDpVc2VyczoAZGF2aWQ6AERvY3VtZW50czoAUGFwZXJzOgBPbGl2ZToAVGhlIFN1YmplY3RpdmUgYW5kIE9iI0FBOTg5LnBkZgAOAH4APgBUAGgAZQAgAFMAdQBiAGoAZQBjAHQAaQB2AGUAIABhAG4AZAAgAE8AYgBqAGUAYwB0AGkAdgBlACAARQB2AGEAbAB1AGEAdABpAG8AbgAgAG8AZgAgAFIAbwBvAG0AIABDAG8AcgByAGUAYwB0AGkAbwBuAC4AcABkAGYADwAaAAwATQBhAGMAaQBuAHQAbwBzAGgAIABIAEQAEgBhVXNlcnMvZGF2aWQvRG9jdW1lbnRzL1BhcGVycy9PbGl2ZS9UaGUgU3ViamVjdGl2ZSBhbmQgT2JqZWN0aXZlIEV2YWx1YXRpb24gb2YgUm9vbSBDb3JyZWN0aW9uLnBkZgAAEwABLwAAFQACAAz//wAAgAXSHB0eH1gkY2xhc3Nlc1okY2xhc3NuYW1lox8gIV1OU011dGFibGVEYXRhVk5TRGF0YVhOU09iamVjdF8QZy4uLy4uLy4uLy4uLy4uLy4uL0RvY3VtZW50cy9QYXBlcnMvT2xpdmUvVGhlIFN1YmplY3RpdmUgYW5kIE9iamVjdGl2ZSBFdmFsdWF0aW9uIG9mIFJvb20gQ29ycmVjdGlvbi5wZGbSHB0kJaIlIVxOU0RpY3Rpb25hcnkSAAGGoF8QD05TS2V5ZWRBcmNoaXZlcgAIABEAFgAfACgAMgA1ADoAPABFAEsAUgBdAGUAbABvAHEAcwB2AHgAegB8AIYAkwCYAKAC4gLkAukC8gL9AwEDDwMWAx8DiQOOA5EDngOjAAAAAAAAAgEAAAAAAAAAKAAAAAAAAAAAAAAAAAAAA7U=},
	Bdsk-File-2 = {YnBsaXN0MDDUAQIDBAUIJidUJHRvcFgkb2JqZWN0c1gkdmVyc2lvblkkYXJjaGl2ZXLRBgdUcm9vdIABqAkKFRYXGyIjVSRudWxs0wsMDQ4RFFpOUy5vYmplY3RzV05TLmtleXNWJGNsYXNzog8QgASABqISE4ACgAOAB1lhbGlhc0RhdGFccmVsYXRpdmVQYXRo0hgNGRpXTlMuZGF0YU8RAkAAAAAAAkAAAgAADE1hY2ludG9zaCBIRAAAAAAAAAAAAAAAAAAAAMq9msxIKwAAABb+iB9UaGUgU3ViamVjdGl2ZSBhbmQgT2IjQUFBNTEucGRmAAAAAAAAAAAAAAAAAAAAAAAAAAAAAAAAAAAAAAAAAAAACqpRykX6cgAAAAAAAAAAAAYABAAACSAAAAAAAAAAAAAAAAAAAAAFT2xpdmUAABAACAAAyr1+rAAAABEACAAAykXeUgAAAAEAFAAW/ogAFbkXAART5wAEU+YAAL99AAIAVE1hY2ludG9zaCBIRDpVc2VyczoAZGF2aWQ6AERvY3VtZW50czoAUGFwZXJzOgBPbGl2ZToAVGhlIFN1YmplY3RpdmUgYW5kIE9iI0FBQTUxLnBkZgAOAIAAPwBUAGgAZQAgAFMAdQBiAGoAZQBjAHQAaQB2AGUAIABhAG4AZAAgAE8AYgBqAGUAYwB0AGkAdgBlACAARQB2AGEAbAB1AGEAdABpAG8AbgAgAG8AZgAgAFIAbwBvAG0AIABDAG8AcgByAGUAYwB0AGkAbwBuADAALgBwAGQAZgAPABoADABNAGEAYwBpAG4AdABvAHMAaAAgAEgARAASAGJVc2Vycy9kYXZpZC9Eb2N1bWVudHMvUGFwZXJzL09saXZlL1RoZSBTdWJqZWN0aXZlIGFuZCBPYmplY3RpdmUgRXZhbHVhdGlvbiBvZiBSb29tIENvcnJlY3Rpb24wLnBkZgATAAEvAAAVAAIADP//AACABdIcHR4fWCRjbGFzc2VzWiRjbGFzc25hbWWjHyAhXU5TTXV0YWJsZURhdGFWTlNEYXRhWE5TT2JqZWN0XxBoLi4vLi4vLi4vLi4vLi4vLi4vRG9jdW1lbnRzL1BhcGVycy9PbGl2ZS9UaGUgU3ViamVjdGl2ZSBhbmQgT2JqZWN0aXZlIEV2YWx1YXRpb24gb2YgUm9vbSBDb3JyZWN0aW9uMC5wZGbSHB0kJaIlIVxOU0RpY3Rpb25hcnkSAAGGoF8QD05TS2V5ZWRBcmNoaXZlcgAIABEAFgAfACgAMgA1ADoAPABFAEsAUgBdAGUAbABvAHEAcwB2AHgAegB8AIYAkwCYAKAC5ALmAusC9AL/AwMDEQMYAyEDjAORA5QDoQOmAAAAAAAAAgEAAAAAAAAAKAAAAAAAAAAAAAAAAAAAA7g=},
	Bdsk-Url-1 = {http://www.aes.org/e-lib/browse.cfm?elib=15154}}

@article{Jacobsen2007sound,
	Author = {Finn Jacobsen},
	Date-Added = {2012-01-02 09:10:38 +0000},
	Date-Modified = {2012-01-02 09:10:38 +0000},
	Journal = {Technical University of Denmark, Copenhagen, Denmark},
	Title = {The sound field in a reverberation room},
	Year = {2007},
	Bdsk-File-1 = {YnBsaXN0MDDUAQIDBAUIJidUJHRvcFgkb2JqZWN0c1gkdmVyc2lvblkkYXJjaGl2ZXLRBgdUcm9vdIABqAkKFRYXGyIjVSRudWxs0wsMDQ4RFFpOUy5vYmplY3RzV05TLmtleXNWJGNsYXNzog8QgASABqISE4ACgAOAB1lhbGlhc0RhdGFccmVsYXRpdmVQYXRo0hgNGRpXTlMuZGF0YU8RAg4AAAAAAg4AAgAADE1hY2ludG9zaCBIRAAAAAAAAAAAAAAAAAAAAMq9msxIKwAAABby6x9UaGUgc291bmQgZmllbGQgaW4gYSMxNkYyMjgucGRmAAAAAAAAAAAAAAAAAAAAAAAAAAAAAAAAAAAAAAAAAAAAFvIoytzJLAAAAAAAAAAAAAYABAAACSAAAAAAAAAAAAAAAAAAAAAISmFjb2JzZW4AEAAIAADKvX6sAAAAEQAIAADK3LscAAAAAQAUABby6wAVuRcABFPnAART5gAAv30AAgBXTWFjaW50b3NoIEhEOlVzZXJzOgBkYXZpZDoARG9jdW1lbnRzOgBQYXBlcnM6AEphY29ic2VuOgBUaGUgc291bmQgZmllbGQgaW4gYSMxNkYyMjgucGRmAAAOAFgAKwBUAGgAZQAgAHMAbwB1AG4AZAAgAGYAaQBlAGwAZAAgAGkAbgAgAGEAIAByAGUAdgBlAHIAYgBlAHIAYQB0AGkAbwBuACAAcgBvAG8AbQAuAHAAZABmAA8AGgAMAE0AYQBjAGkAbgB0AG8AcwBoACAASABEABIAUVVzZXJzL2RhdmlkL0RvY3VtZW50cy9QYXBlcnMvSmFjb2JzZW4vVGhlIHNvdW5kIGZpZWxkIGluIGEgcmV2ZXJiZXJhdGlvbiByb29tLnBkZgAAEwABLwAAFQACAAz//wAAgAXSHB0eH1gkY2xhc3Nlc1okY2xhc3NuYW1lox8gIV1OU011dGFibGVEYXRhVk5TRGF0YVhOU09iamVjdF8QVy4uLy4uLy4uLy4uLy4uLy4uL0RvY3VtZW50cy9QYXBlcnMvSmFjb2JzZW4vVGhlIHNvdW5kIGZpZWxkIGluIGEgcmV2ZXJiZXJhdGlvbiByb29tLnBkZtIcHSQloiUhXE5TRGljdGlvbmFyeRIAAYagXxAPTlNLZXllZEFyY2hpdmVyAAgAEQAWAB8AKAAyADUAOgA8AEUASwBSAF0AZQBsAG8AcQBzAHYAeAB6AHwAhgCTAJgAoAKyArQCuQLCAs0C0QLfAuYC7wNJA04DUQNeA2MAAAAAAAACAQAAAAAAAAAoAAAAAAAAAAAAAAAAAAADdQ==}}

@conference{Pedersen1994lowfreq,
	Author = {Abildgaard Pedersen, Jan AND Hermansen, Kjeld AND Rubak, Per},
	Booktitle = {Audio Engineering Society Convention 96},
	Date-Added = {2012-01-02 09:10:35 +0000},
	Date-Modified = {2012-01-02 09:10:35 +0000},
	Month = {2},
	Title = {The Distribution of the Low Frequency Sound Field and its Relation to Room Equalization},
	Url = {http://www.aes.org/e-lib/browse.cfm?elib=6380},
	Year = {1994},
	Bdsk-File-1 = {YnBsaXN0MDDUAQIDBAUIJidUJHRvcFgkb2JqZWN0c1gkdmVyc2lvblkkYXJjaGl2ZXLRBgdUcm9vdIABqAkKFRYXGyIjVSRudWxs0wsMDQ4RFFpOUy5vYmplY3RzV05TLmtleXNWJGNsYXNzog8QgASABqISE4ACgAOAB1lhbGlhc0RhdGFccmVsYXRpdmVQYXRo0hgNGRpXTlMuZGF0YU8RAoAAAAAAAoAAAgAADE1hY2ludG9zaCBIRAAAAAAAAAAAAAAAAAAAAMq9msxIKwAAABb+hh9UaGUgRGlzdHJpYnV0aW9uIG9mICMxNUE2QTUucGRmAAAAAAAAAAAAAAAAAAAAAAAAAAAAAAAAAAAAAAAAAAAAFaalykX6cgAAAAAAAAAAAAYABAAACSAAAAAAAAAAAAAAAAAAAAATQWJpbGRnYWFyZCBQZWRlcnNlbgAAEAAIAADKvX6sAAAAEQAIAADKRd5SAAAAAQAUABb+hgAVuRcABFPnAART5gAAv30AAgBiTWFjaW50b3NoIEhEOlVzZXJzOgBkYXZpZDoARG9jdW1lbnRzOgBQYXBlcnM6AEFiaWxkZ2FhcmQgUGVkZXJzZW46AFRoZSBEaXN0cmlidXRpb24gb2YgIzE1QTZBNS5wZGYADgCOAEYAVABoAGUAIABEAGkAcwB0AHIAaQBiAHUAdABpAG8AbgAgAG8AZgAgAHQAaABlACAATABvAHcAIABGAHIAZQBxAHUAZQBuAGMAeQAgAFMAbwB1AG4AZAAgAEYAaQBlAGwAZAAgAGEAbgBkACAAaQB0AHMAIABSAGUAbABhAHQAaQBvAG4ALgBwAGQAZgAPABoADABNAGEAYwBpAG4AdABvAHMAaAAgAEgARAASAHdVc2Vycy9kYXZpZC9Eb2N1bWVudHMvUGFwZXJzL0FiaWxkZ2FhcmQgUGVkZXJzZW4vVGhlIERpc3RyaWJ1dGlvbiBvZiB0aGUgTG93IEZyZXF1ZW5jeSBTb3VuZCBGaWVsZCBhbmQgaXRzIFJlbGF0aW9uLnBkZgAAEwABLwAAFQACAAz//wAAgAXSHB0eH1gkY2xhc3Nlc1okY2xhc3NuYW1lox8gIV1OU011dGFibGVEYXRhVk5TRGF0YVhOU09iamVjdF8QfS4uLy4uLy4uLy4uLy4uLy4uL0RvY3VtZW50cy9QYXBlcnMvQWJpbGRnYWFyZCBQZWRlcnNlbi9UaGUgRGlzdHJpYnV0aW9uIG9mIHRoZSBMb3cgRnJlcXVlbmN5IFNvdW5kIEZpZWxkIGFuZCBpdHMgUmVsYXRpb24ucGRm0hwdJCWiJSFcTlNEaWN0aW9uYXJ5EgABhqBfEA9OU0tleWVkQXJjaGl2ZXIACAARABYAHwAoADIANQA6ADwARQBLAFIAXQBlAGwAbwBxAHMAdgB4AHoAfACGAJMAmACgAyQDJgMrAzQDPwNDA1EDWANhA+ED5gPpA/YD+wAAAAAAAAIBAAAAAAAAACgAAAAAAAAAAAAAAAAAAAQN},
	Bdsk-Url-1 = {http://www.aes.org/e-lib/browse.cfm?elib=6380}}

@conference{Pedersen2007samp,
	Author = {Abildgaard Pedersen, Jan},
	Booktitle = {Audio Engineering Society Convention 123},
	Date-Added = {2012-01-02 09:10:30 +0000},
	Date-Modified = {2012-01-02 09:10:30 +0000},
	Month = {10},
	Title = {Sampling the Energy in a 3-D Sound Field},
	Url = {http://www.aes.org/e-lib/browse.cfm?elib=14319},
	Year = {2007},
	Bdsk-File-1 = {YnBsaXN0MDDUAQIDBAUIJidUJHRvcFgkb2JqZWN0c1gkdmVyc2lvblkkYXJjaGl2ZXLRBgdUcm9vdIABqAkKFRYXGyIjVSRudWxs0wsMDQ4RFFpOUy5vYmplY3RzV05TLmtleXNWJGNsYXNzog8QgASABqISE4ACgAOAB1lhbGlhc0RhdGFccmVsYXRpdmVQYXRo0hgNGRpXTlMuZGF0YU8RAjIAAAAAAjIAAgAADE1hY2ludG9zaCBIRAAAAAAAAAAAAAAAAAAAAMq9msxIKwAAABb+hh9TYW1wbGluZyB0aGUgRW5lcmd5IGkjQTlGMTEucGRmAAAAAAAAAAAAAAAAAAAAAAAAAAAAAAAAAAAAAAAAAAAACp8RykX6cgAAAAAAAAAAAAYABAAACSAAAAAAAAAAAAAAAAAAAAATQWJpbGRnYWFyZCBQZWRlcnNlbgAAEAAIAADKvX6sAAAAEQAIAADKRd5SAAAAAQAUABb+hgAVuRcABFPnAART5gAAv30AAgBiTWFjaW50b3NoIEhEOlVzZXJzOgBkYXZpZDoARG9jdW1lbnRzOgBQYXBlcnM6AEFiaWxkZ2FhcmQgUGVkZXJzZW46AFNhbXBsaW5nIHRoZSBFbmVyZ3kgaSNBOUYxMS5wZGYADgBaACwAUwBhAG0AcABsAGkAbgBnACAAdABoAGUAIABFAG4AZQByAGcAeQAgAGkAbgAgAGEAIAAzAC0ARAAgAFMAbwB1AG4AZAAgAEYAaQBlAGwAZAAuAHAAZABmAA8AGgAMAE0AYQBjAGkAbgB0AG8AcwBoACAASABEABIAXVVzZXJzL2RhdmlkL0RvY3VtZW50cy9QYXBlcnMvQWJpbGRnYWFyZCBQZWRlcnNlbi9TYW1wbGluZyB0aGUgRW5lcmd5IGluIGEgMy1EIFNvdW5kIEZpZWxkLnBkZgAAEwABLwAAFQACAAz//wAAgAXSHB0eH1gkY2xhc3Nlc1okY2xhc3NuYW1lox8gIV1OU011dGFibGVEYXRhVk5TRGF0YVhOU09iamVjdF8QYy4uLy4uLy4uLy4uLy4uLy4uL0RvY3VtZW50cy9QYXBlcnMvQWJpbGRnYWFyZCBQZWRlcnNlbi9TYW1wbGluZyB0aGUgRW5lcmd5IGluIGEgMy1EIFNvdW5kIEZpZWxkLnBkZtIcHSQloiUhXE5TRGljdGlvbmFyeRIAAYagXxAPTlNLZXllZEFyY2hpdmVyAAgAEQAWAB8AKAAyADUAOgA8AEUASwBSAF0AZQBsAG8AcQBzAHYAeAB6AHwAhgCTAJgAoALWAtgC3QLmAvEC9QMDAwoDEwN5A34DgQOOA5MAAAAAAAACAQAAAAAAAAAoAAAAAAAAAAAAAAAAAAADpQ==},
	Bdsk-Url-1 = {http://www.aes.org/e-lib/browse.cfm?elib=14319}}

@conference{Pedersen2007naturaltwo,
	Author = {Abildgaard Pedersen, Jan AND El-Azm, Fares},
	Booktitle = {Audio Engineering Society Conference: 32nd International Conference: DSP For Loudspeakers},
	Date-Added = {2012-01-02 09:10:26 +0000},
	Date-Modified = {2012-01-02 09:10:26 +0000},
	Month = {9},
	Title = {Natural Timbre in Room Correction Systems (Part II)},
	Url = {http://www.aes.org/e-lib/browse.cfm?elib=14201},
	Year = {2007},
	Bdsk-File-1 = {YnBsaXN0MDDUAQIDBAUIJidUJHRvcFgkb2JqZWN0c1gkdmVyc2lvblkkYXJjaGl2ZXLRBgdUcm9vdIABqAkKFRYXGyIjVSRudWxs0wsMDQ4RFFpOUy5vYmplY3RzV05TLmtleXNWJGNsYXNzog8QgASABqISE4ACgAOAB1lhbGlhc0RhdGFccmVsYXRpdmVQYXRo0hgNGRpXTlMuZGF0YU8RAj4AAAAAAj4AAgAADE1hY2ludG9zaCBIRAAAAAAAAAAAAAAAAAAAAMq9msxIKwAAABb+hh9OYXR1cmFsIFRpbWJyZSBpbiBSb28jQUEwOEUucGRmAAAAAAAAAAAAAAAAAAAAAAAAAAAAAAAAAAAAAAAAAAAACqCOykX6cgAAAAAAAAAAAAYABAAACSAAAAAAAAAAAAAAAAAAAAATQWJpbGRnYWFyZCBQZWRlcnNlbgAAEAAIAADKvX6sAAAAEQAIAADKRd5SAAAAAQAUABb+hgAVuRcABFPnAART5gAAv30AAgBiTWFjaW50b3NoIEhEOlVzZXJzOgBkYXZpZDoARG9jdW1lbnRzOgBQYXBlcnM6AEFiaWxkZ2FhcmQgUGVkZXJzZW46AE5hdHVyYWwgVGltYnJlIGluIFJvbyNBQTA4RS5wZGYADgBiADAATgBhAHQAdQByAGEAbAAgAFQAaQBtAGIAcgBlACAAaQBuACAAUgBvAG8AbQAgAEMAbwByAHIAZQBjAHQAaQBvAG4AIABTAHkAcwB0AGUAbQBzACAASQBJAC4AcABkAGYADwAaAAwATQBhAGMAaQBuAHQAbwBzAGgAIABIAEQAEgBhVXNlcnMvZGF2aWQvRG9jdW1lbnRzL1BhcGVycy9BYmlsZGdhYXJkIFBlZGVyc2VuL05hdHVyYWwgVGltYnJlIGluIFJvb20gQ29ycmVjdGlvbiBTeXN0ZW1zIElJLnBkZgAAEwABLwAAFQACAAz//wAAgAXSHB0eH1gkY2xhc3Nlc1okY2xhc3NuYW1lox8gIV1OU011dGFibGVEYXRhVk5TRGF0YVhOU09iamVjdF8QZy4uLy4uLy4uLy4uLy4uLy4uL0RvY3VtZW50cy9QYXBlcnMvQWJpbGRnYWFyZCBQZWRlcnNlbi9OYXR1cmFsIFRpbWJyZSBpbiBSb29tIENvcnJlY3Rpb24gU3lzdGVtcyBJSS5wZGbSHB0kJaIlIVxOU0RpY3Rpb25hcnkSAAGGoF8QD05TS2V5ZWRBcmNoaXZlcgAIABEAFgAfACgAMgA1ADoAPABFAEsAUgBdAGUAbABvAHEAcwB2AHgAegB8AIYAkwCYAKAC4gLkAukC8gL9AwEDDwMWAx8DiQOOA5EDngOjAAAAAAAAAgEAAAAAAAAAKAAAAAAAAAAAAAAAAAAAA7U=},
	Bdsk-Url-1 = {http://www.aes.org/e-lib/browse.cfm?elib=14201}}

@conference{Pedersen2007naturalone,
	Author = {Abildgaard Pedersen, Jan AND Mortensen, Henrik Green},
	Booktitle = {Audio Engineering Society Convention 122},
	Date-Added = {2012-01-02 09:10:22 +0000},
	Date-Modified = {2012-01-02 09:10:22 +0000},
	Month = {5},
	Title = {Natural Timbre in Room Correction Systems},
	Url = {http://www.aes.org/e-lib/browse.cfm?elib=14097},
	Year = {2007},
	Bdsk-File-1 = {YnBsaXN0MDDUAQIDBAUIJidUJHRvcFgkb2JqZWN0c1gkdmVyc2lvblkkYXJjaGl2ZXLRBgdUcm9vdIABqAkKFRYXGyIjVSRudWxs0wsMDQ4RFFpOUy5vYmplY3RzV05TLmtleXNWJGNsYXNzog8QgASABqISE4ACgAOAB1lhbGlhc0RhdGFccmVsYXRpdmVQYXRo0hgNGRpXTlMuZGF0YU8RAjoAAAAAAjoAAgAADE1hY2ludG9zaCBIRAAAAAAAAAAAAAAAAAAAAMq9msxIKwAAABb+hh9OYXR1cmFsIFRpbWJyZSBpbiBSbyMyMTBBQ0QucGRmAAAAAAAAAAAAAAAAAAAAAAAAAAAAAAAAAAAAAAAAAAAAIQrNykX6cgAAAAAAAAAAAAYABAAACSAAAAAAAAAAAAAAAAAAAAATQWJpbGRnYWFyZCBQZWRlcnNlbgAAEAAIAADKvX6sAAAAEQAIAADKRd5SAAAAAQAUABb+hgAVuRcABFPnAART5gAAv30AAgBiTWFjaW50b3NoIEhEOlVzZXJzOgBkYXZpZDoARG9jdW1lbnRzOgBQYXBlcnM6AEFiaWxkZ2FhcmQgUGVkZXJzZW46AE5hdHVyYWwgVGltYnJlIGluIFJvIzIxMEFDRC5wZGYADgBgAC8ATgBhAHQAdQByAGEAbAAgAFQAaQBtAGIAcgBlACAAaQBuACAAUgBvAG8AbQAgAEMAbwByAHIAZQBjAHQAaQBvAG4AIABTAHkAcwB0AGUAbQBzACAASQAuAHAAZABmAA8AGgAMAE0AYQBjAGkAbgB0AG8AcwBoACAASABEABIAYFVzZXJzL2RhdmlkL0RvY3VtZW50cy9QYXBlcnMvQWJpbGRnYWFyZCBQZWRlcnNlbi9OYXR1cmFsIFRpbWJyZSBpbiBSb29tIENvcnJlY3Rpb24gU3lzdGVtcyBJLnBkZgATAAEvAAAVAAIADP//AACABdIcHR4fWCRjbGFzc2VzWiRjbGFzc25hbWWjHyAhXU5TTXV0YWJsZURhdGFWTlNEYXRhWE5TT2JqZWN0XxBmLi4vLi4vLi4vLi4vLi4vLi4vRG9jdW1lbnRzL1BhcGVycy9BYmlsZGdhYXJkIFBlZGVyc2VuL05hdHVyYWwgVGltYnJlIGluIFJvb20gQ29ycmVjdGlvbiBTeXN0ZW1zIEkucGRm0hwdJCWiJSFcTlNEaWN0aW9uYXJ5EgABhqBfEA9OU0tleWVkQXJjaGl2ZXIACAARABYAHwAoADIANQA6ADwARQBLAFIAXQBlAGwAbwBxAHMAdgB4AHoAfACGAJMAmACgAt4C4ALlAu4C+QL9AwsDEgMbA4QDiQOMA5kDngAAAAAAAAIBAAAAAAAAACgAAAAAAAAAAAAAAAAAAAOw},
	Bdsk-Url-1 = {http://www.aes.org/e-lib/browse.cfm?elib=14097}}

@techreport{Rasmussen1990lydfelter,
	Author = {Rasmussen, Knud},
	Date-Added = {2012-01-02 09:10:18 +0000},
	Date-Modified = {2012-01-04 10:58:34 +0000},
	Institution = {Afdeling for Akustisk, Danmarks Tekniske Universitet},
	Title = {Lydfelter},
	Ty = {JOUR},
	Year = {1990},
	Bdsk-File-1 = {YnBsaXN0MDDUAQIDBAUIJidUJHRvcFgkb2JqZWN0c1gkdmVyc2lvblkkYXJjaGl2ZXLRBgdUcm9vdIABqAkKFRYXGyIjVSRudWxs0wsMDQ4RFFpOUy5vYmplY3RzV05TLmtleXNWJGNsYXNzog8QgASABqISE4ACgAOAB1lhbGlhc0RhdGFccmVsYXRpdmVQYXRo0hgNGRpXTlMuZGF0YU8RAaQAAAAAAaQAAgAADE1hY2ludG9zaCBIRAAAAAAAAAAAAAAAAAAAAMq9msxIKwAAABW5GA1MeWRmZWx0ZXIucGRmAAAAAAAAAAAAAAAAAAAAAAAAAAAAAAAAAAAAAAAAAAAAAAAAAAAAAAAAAAAAAAAAAAAAFbkVytWsZgAAAAAAAAAAAAYABAAACSAAAAAAAAAAAAAAAAAAAAAJUmFzbXVzc2VuAAAQAAgAAMq9fqwAAAARAAgAAMrVnlYAAAABABQAFbkYABW5FwAEU+cABFPmAAC/fQACAEZNYWNpbnRvc2ggSEQ6VXNlcnM6AGRhdmlkOgBEb2N1bWVudHM6AFBhcGVyczoAUmFzbXVzc2VuOgBMeWRmZWx0ZXIucGRmAA4AHAANAEwAeQBkAGYAZQBsAHQAZQByAC4AcABkAGYADwAaAAwATQBhAGMAaQBuAHQAbwBzAGgAIABIAEQAEgA0VXNlcnMvZGF2aWQvRG9jdW1lbnRzL1BhcGVycy9SYXNtdXNzZW4vTHlkZmVsdGVyLnBkZgATAAEvAAAVAAIADP//AACABdIcHR4fWCRjbGFzc2VzWiRjbGFzc25hbWWjHyAhXU5TTXV0YWJsZURhdGFWTlNEYXRhWE5TT2JqZWN0XxA6Li4vLi4vLi4vLi4vLi4vLi4vRG9jdW1lbnRzL1BhcGVycy9SYXNtdXNzZW4vTHlkZmVsdGVyLnBkZtIcHSQloiUhXE5TRGljdGlvbmFyeRIAAYagXxAPTlNLZXllZEFyY2hpdmVyAAgAEQAWAB8AKAAyADUAOgA8AEUASwBSAF0AZQBsAG8AcQBzAHYAeAB6AHwAhgCTAJgAoAJIAkoCTwJYAmMCZwJ1AnwChQLCAscCygLXAtwAAAAAAAACAQAAAAAAAAAoAAAAAAAAAAAAAAAAAAAC7g==}}

@conference{Pedersen2006adapt,
	Author = {Abildgaard Pedersen, Jan},
	Booktitle = {Audio Engineering Society Convention 121},
	Date-Added = {2012-01-02 09:10:15 +0000},
	Date-Modified = {2012-01-04 10:58:55 +0000},
	Month = {10},
	Title = {Loudspeaker-Room Adaptation for a Specific Listening Position using Information about the Complete Sound Field},
	Url = {http://www.aes.org/e-lib/browse.cfm?elib=13742},
	Year = {2006},
	Bdsk-File-1 = {YnBsaXN0MDDUAQIDBAUIJidUJHRvcFgkb2JqZWN0c1gkdmVyc2lvblkkYXJjaGl2ZXLRBgdUcm9vdIABqAkKFRYXGyIjVSRudWxs0wsMDQ4RFFpOUy5vYmplY3RzV05TLmtleXNWJGNsYXNzog8QgASABqISE4ACgAOAB1lhbGlhc0RhdGFccmVsYXRpdmVQYXRo0hgNGRpXTlMuZGF0YU8RAnAAAAAAAnAAAgAADE1hY2ludG9zaCBIRAAAAAAAAAAAAAAAAAAAAMq9msxIKwAAABb+hh9Mb3Vkc3BlYWtlci1Sb29tIEFkYXAjQTlEMTkucGRmAAAAAAAAAAAAAAAAAAAAAAAAAAAAAAAAAAAAAAAAAAAACp0ZykX6cgAAAAAAAAAAAAYABAAACSAAAAAAAAAAAAAAAAAAAAATQWJpbGRnYWFyZCBQZWRlcnNlbgAAEAAIAADKvX6sAAAAEQAIAADKRd5SAAAAAQAUABb+hgAVuRcABFPnAART5gAAv30AAgBiTWFjaW50b3NoIEhEOlVzZXJzOgBkYXZpZDoARG9jdW1lbnRzOgBQYXBlcnM6AEFiaWxkZ2FhcmQgUGVkZXJzZW46AExvdWRzcGVha2VyLVJvb20gQWRhcCNBOUQxOS5wZGYADgCEAEEATABvAHUAZABzAHAAZQBhAGsAZQByAC0AUgBvAG8AbQAgAEEAZABhAHAAdABhAHQAaQBvAG4AIABmAG8AcgAgAGEAIABTAHAAZQBjAGkAZgBpAGMAIABMAGkAcwB0AGUAbgBpAG4AZwAgAFAAbwBzAGkAdABpAG8AbgAuAHAAZABmAA8AGgAMAE0AYQBjAGkAbgB0AG8AcwBoACAASABEABIAclVzZXJzL2RhdmlkL0RvY3VtZW50cy9QYXBlcnMvQWJpbGRnYWFyZCBQZWRlcnNlbi9Mb3Vkc3BlYWtlci1Sb29tIEFkYXB0YXRpb24gZm9yIGEgU3BlY2lmaWMgTGlzdGVuaW5nIFBvc2l0aW9uLnBkZgATAAEvAAAVAAIADP//AACABdIcHR4fWCRjbGFzc2VzWiRjbGFzc25hbWWjHyAhXU5TTXV0YWJsZURhdGFWTlNEYXRhWE5TT2JqZWN0XxB4Li4vLi4vLi4vLi4vLi4vLi4vRG9jdW1lbnRzL1BhcGVycy9BYmlsZGdhYXJkIFBlZGVyc2VuL0xvdWRzcGVha2VyLVJvb20gQWRhcHRhdGlvbiBmb3IgYSBTcGVjaWZpYyBMaXN0ZW5pbmcgUG9zaXRpb24ucGRm0hwdJCWiJSFcTlNEaWN0aW9uYXJ5EgABhqBfEA9OU0tleWVkQXJjaGl2ZXIACAARABYAHwAoADIANQA6ADwARQBLAFIAXQBlAGwAbwBxAHMAdgB4AHoAfACGAJMAmACgAxQDFgMbAyQDLwMzA0EDSANRA8wD0QPUA+ED5gAAAAAAAAIBAAAAAAAAACgAAAAAAAAAAAAAAAAAAAP4},
	Bdsk-Url-1 = {http://www.aes.org/e-lib/browse.cfm?elib=13742}}

@conference{Pedersen2007fully,
	Author = {Abildgaard Pedersen, Jan AND Thomsen, Kasper},
	Booktitle = {Audio Engineering Society Conference: 32nd International Conference: DSP For Loudspeakers},
	Date-Added = {2012-01-02 09:09:57 +0000},
	Date-Modified = {2012-01-02 09:09:57 +0000},
	Month = {9},
	Title = {Fully Automatic Loudspeaker-Room Adaptation - The RoomPerfect System},
	Url = {http://www.aes.org/e-lib/browse.cfm?elib=14202},
	Year = {2007},
	Bdsk-File-1 = {YnBsaXN0MDDUAQIDBAUIJidUJHRvcFgkb2JqZWN0c1gkdmVyc2lvblkkYXJjaGl2ZXLRBgdUcm9vdIABqAkKFRYXGyIjVSRudWxs0wsMDQ4RFFpOUy5vYmplY3RzV05TLmtleXNWJGNsYXNzog8QgASABqISE4ACgAOAB1lhbGlhc0RhdGFccmVsYXRpdmVQYXRo0hgNGRpXTlMuZGF0YU8RAnAAAAAAAnAAAgAADE1hY2ludG9zaCBIRAAAAAAAAAAAAAAAAAAAAMq9msxIKwAAABb+hh9GdWxseSBBdXRvbWF0aWMgTG91ZCMyMjE1NTYucGRmAAAAAAAAAAAAAAAAAAAAAAAAAAAAAAAAAAAAAAAAAAAAIhVWykX6clBERiAAAAAAAAYABAAACSAAAAAAAAAAAAAAAAAAAAATQWJpbGRnYWFyZCBQZWRlcnNlbgAAEAAIAADKvX6sAAAAEQAIAADKRd5SAAAAAQAUABb+hgAVuRcABFPnAART5gAAv30AAgBiTWFjaW50b3NoIEhEOlVzZXJzOgBkYXZpZDoARG9jdW1lbnRzOgBQYXBlcnM6AEFiaWxkZ2FhcmQgUGVkZXJzZW46AEZ1bGx5IEF1dG9tYXRpYyBMb3VkIzIyMTU1Ni5wZGYADgCEAEEARgB1AGwAbAB5ACAAQQB1AHQAbwBtAGEAdABpAGMAIABMAG8AdQBkAHMAcABlAGEAawBlAHIALQBSAG8AbwBtACAAQQBkAGEAcAB0AGEAdABpAG8AbgAgAC0AIABUAGgAZQAgAFIAbwBvAG0AUABlAHIAZgBlAGMAdAAuAHAAZABmAA8AGgAMAE0AYQBjAGkAbgB0AG8AcwBoACAASABEABIAclVzZXJzL2RhdmlkL0RvY3VtZW50cy9QYXBlcnMvQWJpbGRnYWFyZCBQZWRlcnNlbi9GdWxseSBBdXRvbWF0aWMgTG91ZHNwZWFrZXItUm9vbSBBZGFwdGF0aW9uIC0gVGhlIFJvb21QZXJmZWN0LnBkZgATAAEvAAAVAAIADP//AACABdIcHR4fWCRjbGFzc2VzWiRjbGFzc25hbWWjHyAhXU5TTXV0YWJsZURhdGFWTlNEYXRhWE5TT2JqZWN0XxB4Li4vLi4vLi4vLi4vLi4vLi4vRG9jdW1lbnRzL1BhcGVycy9BYmlsZGdhYXJkIFBlZGVyc2VuL0Z1bGx5IEF1dG9tYXRpYyBMb3Vkc3BlYWtlci1Sb29tIEFkYXB0YXRpb24gLSBUaGUgUm9vbVBlcmZlY3QucGRm0hwdJCWiJSFcTlNEaWN0aW9uYXJ5EgABhqBfEA9OU0tleWVkQXJjaGl2ZXIACAARABYAHwAoADIANQA6ADwARQBLAFIAXQBlAGwAbwBxAHMAdgB4AHoAfACGAJMAmACgAxQDFgMbAyQDLwMzA0EDSANRA8wD0QPUA+ED5gAAAAAAAAIBAAAAAAAAACgAAAAAAAAAAAAAAAAAAAP4},
	Bdsk-Url-1 = {http://www.aes.org/e-lib/browse.cfm?elib=14202}}

@article{Pedersen2002patent,
	Author = {Abildgaard Pedersen, Jan and Ploug, Ole},
	Date-Added = {2012-01-02 09:09:49 +0000},
	Date-Modified = {2012-01-20 09:45:04 +0000},
	Title = {ENVIRONMENT ADAPTABLE LOUDSPEAKER},
	Url = {http://www.patentlens.net/patentlens/patent/EP_1133896_B1/en/},
	Volume = {Patent EP 1133896},
	Year = {Filed 6/10-1999, Granted 28/8-2002},
	Bdsk-Url-1 = {http://www.patentlens.net/patentlens/patent/EP_1133896_B1/en/}}

@conference{Pedersen2003adj,
	Author = {Abildgaard Pedersen, Jan},
	Booktitle = {Audio Engineering Society Convention 115},
	Date-Added = {2012-01-02 09:09:38 +0000},
	Date-Modified = {2012-01-02 09:09:38 +0000},
	Month = {10},
	Title = {Adjusting a Loudspeaker to Its Acoustic Environment - The ABC System},
	Url = {http://www.aes.org/e-lib/browse.cfm?elib=12471},
	Year = {2003},
	Bdsk-File-1 = {YnBsaXN0MDDUAQIDBAUIJidUJHRvcFgkb2JqZWN0c1gkdmVyc2lvblkkYXJjaGl2ZXLRBgdUcm9vdIABqAkKFRYXGyIjVSRudWxs0wsMDQ4RFFpOUy5vYmplY3RzV05TLmtleXNWJGNsYXNzog8QgASABqISE4ACgAOAB1lhbGlhc0RhdGFccmVsYXRpdmVQYXRo0hgNGRpXTlMuZGF0YU8RAoYAAAAAAoYAAgAADE1hY2ludG9zaCBIRAAAAAAAAAAAAAAAAAAAAMq9msxIKwAAABb+hh9BZGp1c3RpbmcgYSBMb3Vkc3BlYWsjQTlGM0QucGRmAAAAAAAAAAAAAAAAAAAAAAAAAAAAAAAAAAAAAAAAAAAACp89ykX6cgAAAAAAAAAAAAYABAAACSAAAAAAAAAAAAAAAAAAAAATQWJpbGRnYWFyZCBQZWRlcnNlbgAAEAAIAADKvX6sAAAAEQAIAADKRd5SAAAAAQAUABb+hgAVuRcABFPnAART5gAAv30AAgBiTWFjaW50b3NoIEhEOlVzZXJzOgBkYXZpZDoARG9jdW1lbnRzOgBQYXBlcnM6AEFiaWxkZ2FhcmQgUGVkZXJzZW46AEFkanVzdGluZyBhIExvdWRzcGVhayNBOUYzRC5wZGYADgCSAEgAQQBkAGoAdQBzAHQAaQBuAGcAIABhACAATABvAHUAZABzAHAAZQBhAGsAZQByACAAdABvACAASQB0AHMAIABBAGMAbwB1AHMAdABpAGMAIABFAG4AdgBpAHIAbwBuAG0AZQBuAHQAIAAtACAAVABoAGUAIABBAEIAQwAgAFMAeQBzAHQAZQBtAC4AcABkAGYADwAaAAwATQBhAGMAaQBuAHQAbwBzAGgAIABIAEQAEgB5VXNlcnMvZGF2aWQvRG9jdW1lbnRzL1BhcGVycy9BYmlsZGdhYXJkIFBlZGVyc2VuL0FkanVzdGluZyBhIExvdWRzcGVha2VyIHRvIEl0cyBBY291c3RpYyBFbnZpcm9ubWVudCAtIFRoZSBBQkMgU3lzdGVtLnBkZgAAEwABLwAAFQACAAz//wAAgAXSHB0eH1gkY2xhc3Nlc1okY2xhc3NuYW1lox8gIV1OU011dGFibGVEYXRhVk5TRGF0YVhOU09iamVjdF8Qfy4uLy4uLy4uLy4uLy4uLy4uL0RvY3VtZW50cy9QYXBlcnMvQWJpbGRnYWFyZCBQZWRlcnNlbi9BZGp1c3RpbmcgYSBMb3Vkc3BlYWtlciB0byBJdHMgQWNvdXN0aWMgRW52aXJvbm1lbnQgLSBUaGUgQUJDIFN5c3RlbS5wZGbSHB0kJaIlIVxOU0RpY3Rpb25hcnkSAAGGoF8QD05TS2V5ZWRBcmNoaXZlcgAIABEAFgAfACgAMgA1ADoAPABFAEsAUgBdAGUAbABvAHEAcwB2AHgAegB8AIYAkwCYAKADKgMsAzEDOgNFA0kDVwNeA2cD6QPuA/ED/gQDAAAAAAAAAgEAAAAAAAAAKAAAAAAAAAAAAAAAAAAABBU=},
	Bdsk-Url-1 = {http://www.aes.org/e-lib/browse.cfm?elib=12471}}

@conference{Pedersen2003ABC,
	Author = {Abildgaard Pedersen, Jan},
	Booktitle = {Audio Engineering Society Conference: 23rd International Conference: Signal Processing in Audio Recording and Reproduction},
	Date-Added = {2012-01-02 09:09:24 +0000},
	Date-Modified = {2012-01-02 09:09:24 +0000},
	Month = {5},
	Title = {Adaptive Bass Control - The ABC Room Adaptation System},
	Url = {http://www.aes.org/e-lib/browse.cfm?elib=12334},
	Year = {2003},
	Bdsk-File-1 = {YnBsaXN0MDDUAQIDBAUIJidUJHRvcFgkb2JqZWN0c1gkdmVyc2lvblkkYXJjaGl2ZXLRBgdUcm9vdIABqAkKFRYXGyIjVSRudWxs0wsMDQ4RFFpOUy5vYmplY3RzV05TLmtleXNWJGNsYXNzog8QgASABqISE4ACgAOAB1lhbGlhc0RhdGFccmVsYXRpdmVQYXRo0hgNGRpXTlMuZGF0YU8RAkYAAAAAAkYAAgAADE1hY2ludG9zaCBIRAAAAAAAAAAAAAAAAAAAAMq9msxIKwAAABb+hh9BZGFwdGl2ZSBCYXNzIENvbnRybyMxNUE2MkUucGRmAAAAAAAAAAAAAAAAAAAAAAAAAAAAAAAAAAAAAAAAAAAAFaYuytWRTAAAAAAAAAAAAAYABAAACSAAAAAAAAAAAAAAAAAAAAATQWJpbGRnYWFyZCBQZWRlcnNlbgAAEAAIAADKvX6sAAAAEQAIAADK1YM8AAAAAQAUABb+hgAVuRcABFPnAART5gAAv30AAgBiTWFjaW50b3NoIEhEOlVzZXJzOgBkYXZpZDoARG9jdW1lbnRzOgBQYXBlcnM6AEFiaWxkZ2FhcmQgUGVkZXJzZW46AEFkYXB0aXZlIEJhc3MgQ29udHJvIzE1QTYyRS5wZGYADgBoADMAQQBkAGEAcAB0AGkAdgBlACAAQgBhAHMAcwAgAEMAbwBuAHQAcgBvAGwAIAAtACAAVABoAGUAIABBAEIAQwAgAFIAbwBvAG0AIABBAGQAYQBwAHQAYQB0AGkAbwBuAC4AcABkAGYADwAaAAwATQBhAGMAaQBuAHQAbwBzAGgAIABIAEQAEgBkVXNlcnMvZGF2aWQvRG9jdW1lbnRzL1BhcGVycy9BYmlsZGdhYXJkIFBlZGVyc2VuL0FkYXB0aXZlIEJhc3MgQ29udHJvbCAtIFRoZSBBQkMgUm9vbSBBZGFwdGF0aW9uLnBkZgATAAEvAAAVAAIADP//AACABdIcHR4fWCRjbGFzc2VzWiRjbGFzc25hbWWjHyAhXU5TTXV0YWJsZURhdGFWTlNEYXRhWE5TT2JqZWN0XxBqLi4vLi4vLi4vLi4vLi4vLi4vRG9jdW1lbnRzL1BhcGVycy9BYmlsZGdhYXJkIFBlZGVyc2VuL0FkYXB0aXZlIEJhc3MgQ29udHJvbCAtIFRoZSBBQkMgUm9vbSBBZGFwdGF0aW9uLnBkZtIcHSQloiUhXE5TRGljdGlvbmFyeRIAAYagXxAPTlNLZXllZEFyY2hpdmVyAAgAEQAWAB8AKAAyADUAOgA8AEUASwBSAF0AZQBsAG8AcQBzAHYAeAB6AHwAhgCTAJgAoALqAuwC8QL6AwUDCQMXAx4DJwOUA5kDnAOpA64AAAAAAAACAQAAAAAAAAAoAAAAAAAAAAAAAAAAAAADwA==},
	Bdsk-Url-1 = {http://www.aes.org/e-lib/browse.cfm?elib=12334}}
